@misc{curry-howard,
    title = "{C}urry-{H}oward correspondence",
    note = "\url{https://en.wikipedia.org/wiki/Curry\%E2\%80\%93Howard_correspondence}"
}

@misc{intuit-logic,
    title = "{I}ntuitionistic {L}ogic",
    note = "\url{https://en.wikipedia.org/wiki/Intuitionistic_logic}"
}

@misc{coq-axioms,
    title = "{T}he {L}ogic of {C}oq",
    note = "\url{https://github.com/coq/coq/wiki/The-Logic-of-Coq#axioms}"
}

